<record><leader>00000cas a2200000 a 4500</leader><controlfield tag="001">686700180</controlfield><controlfield tag="008">101129uuuuuuuuucauer n       0    0eng c</controlfield><datafield ind1=" " ind2=" " tag="010"><subfield code="a">  2010240643</subfield></datafield><datafield ind1=" " ind2=" " tag="040"><subfield code="a">IXA</subfield><subfield code="b">eng</subfield><subfield code="c">IXA</subfield><subfield code="d">OCLCF</subfield></datafield><datafield ind1=" " ind2=" " tag="042"><subfield code="a">pcc</subfield></datafield><datafield ind1=" " ind2=" " tag="043"><subfield code="a">n-mx---</subfield></datafield><datafield ind1="0" ind2="0" tag="245"><subfield code="a">Gringo gazette.</subfield></datafield><datafield ind1=" " ind2=" " tag="260"><subfield code="a">Vista, CA :</subfield><subfield code="b">Perio&#769;dico Americano</subfield></datafield><datafield ind1=" " ind2=" " tag="300"><subfield code="a">v. :</subfield><subfield code="b">ill. ;</subfield><subfield code="c">43 cm.</subfield></datafield><datafield ind1=" " ind2=" " tag="310"><subfield code="a">Biweekly</subfield></datafield><datafield ind1=" " ind2=" " tag="500"><subfield code="a">"Baja's English language newspaper."</subfield></datafield><datafield ind1=" " ind2=" " tag="588"><subfield code="a">Description based on: Vol. 12, #13 (Mar. 5th, 2007).</subfield></datafield><datafield ind1=" " ind2=" " tag="588"><subfield code="a">Latest issue consulted: Vol. 12, #14 (Mar. 19th, 2007).</subfield></datafield><datafield ind1=" " ind2="0" tag="651"><subfield code="a">Baja California (Mexico : Peninsula)</subfield><subfield code="v">Newspapers.</subfield></datafield><datafield ind1=" " ind2="7" tag="655"><subfield code="a">Newspapers.</subfield><subfield code="2">fast</subfield><subfield code="0">(OCoLC)fst01423814</subfield></datafield><datafield ind1=" " ind2="7" tag="651"><subfield code="a">Mexico</subfield><subfield code="z">Baja California (Peninsula)</subfield><subfield code="2">fast</subfield><subfield code="0">(OCoLC)fst01333667</subfield></datafield><datafield ind1=" " ind2=" " tag="752"><subfield code="a">United States</subfield><subfield code="b">California</subfield><subfield code="c">San Diego</subfield><subfield code="d">Vista</subfield></datafield></record>